<?xml version="1.0" encoding="UTF-8"?><collection xmlns="http://www.loc.gov/MARC21/slim"><record><leader>00640nam--2200193-i-4500</leader><controlfield tag="001">000021680</controlfield><controlfield tag="002">20161230</controlfield><controlfield tag="005">20161230201034</controlfield><controlfield tag="008">060222s1000------------r-----000-0-eng-d</controlfield><datafield ind1=" " ind2=" " tag="040"><subfield code="a">IFIN-HH</subfield></datafield><datafield ind1=" " ind2=" " tag="080"><subfield code="a">53</subfield></datafield><datafield ind1="1" ind2=" " tag="100"><subfield code="a">Groshev, L.V</subfield></datafield><datafield ind1="1" ind2="0" tag="245"><subfield code="a">Atlas of gama-ray spectra from radiative capture of thermal neutrons. translated from the russian by j.b. sykes</subfield><subfield code="c">L.v. groshev, a.m. demidov, v.n. lutsenko, v.i. pelekhov</subfield></datafield><datafield ind1=" " ind2=" " tag="260"><subfield code="a">London</subfield><subfield code="b">Pergamon Press</subfield><subfield code="c">1959</subfield></datafield><datafield ind1=" " ind2=" " tag="300"><subfield code="a">198P</subfield></datafield><datafield ind1=" " ind2=" " tag="490"><subfield code="a">International Series Of Monographs On Nuclear Energy</subfield></datafield><datafield ind1="1" ind2=" " tag="700"><subfield code="a">Pelekhov, V.I</subfield></datafield><datafield ind1=" " ind2=" " tag="852"><subfield code="a">14414</subfield><subfield code="c">53.081</subfield></datafield><datafield ind1=" " ind2=" " tag="CAT"><subfield code="a">Sys</subfield><subfield code="c">20151113</subfield><subfield code="h">115422</subfield></datafield></record></collection>